%%%%%%%%%%%%%%%%%%%%%%%%%%%%%%%%%%%%%%%%%%%%%%%%%%%%%%
% My publications.
%%%%%%%%%%%%%%%%%%%%%%%%%%%%%%%%%%%%%%%%%%%%%%%%%%%%%%
@article{Gerasimov2023a1,
	keywords = {scopus, en, ru},
	author = {Gerasimov, Dmitry N. and Popov, A and Hien, N. D. and Nikiforov, V. O.},
	journal = {IFAC-PapersOnLine},
	issue = {2},
	number = {2},
	pages = {9185--9190}, 
	title = {{Adaptive control of LTV systems with uncertain periodic coefficients}},
	doi = {10.1016/j.ifacol.2023.10.160},
	volume = {56},
	year = {2023}
}
@INPROCEEDINGS{Gerasimov2024a1,
	keywords = {scopus, en, ru},
	author={Gerasimov, Dmitry N. and Ngo, Dang H. and Nikiforov, Vladimir O. },
	booktitle={2024 63nd IEEE Conference on Decision and Control (CDC)}, 
	title={Direct Adaptive Control of LTV Discrete-time Systems with Uncertain Periodic Coefficients}, 
	year={2024},
	pages={00--00},
	publisher = {IEEE},
	url = {https://ieeexplore.ieee.org/document/},
	doi={10.1109/CDC51059.2024},
}
@inproceedings{Ngo2004RU,
	keywords = {rins, ru},
	author = {Нго, Д. Х.},
	booktitle = {XIV Всероссийское совещание по проблемам управления (ВСПУ-2024)},
	number = {x},
	pages = {x--y},
	title = {{Адаптивное управление дискретными системами с неопределёнными периодическими коэффициентами}},
	volume = {xx},
	year = {2024}
}